%
%	physics.bib
%
%

@article{lorentz1904electromagnetic,
	title		= {Electromagnetic phenomena in a system moving with any velocity less than that of light},
	author		= {Lorentz, Hendrik A.},
	journal		= {Proceedings of the Royal Netherlands Academy of Arts and Sciences},
	volume		= {6},
	pages		= {809--831},
	year		= {1904}
}


@article{einstein1905,
	author		= {Einstein, Albert},
	title		= {Zur Elektrodynamik bewegter K{\"o}rper},
	journal		= {Annalen der Physik},
	volume		= {322},
	number		= {10},
	pages		= {891--921},
	year		= {1905},
	doi		= {10.1002/andp.19053221004},
	url		= {https://doi.org/10.1002/andp.19053221004}
}


@misc{wikipedia:proper_time,
	author		= "{Wikipedia contributors}",
	title		= "Proper time --- {Wikipedia}{,} The Free Encyclopedia",
	year		= "2024",
	howpublished	= "\url{https://en.wikipedia.org/w/index.php?title=Proper_time&oldid=1238644995}",
	note		= "[Online; accessed 24-December-2024]"
}
  
@misc{physics:spacetime_hughes,
	author		= "{Scott Hughes}",
	title		= "{Spacetime: Introduction to Special Relativity}",
	year		= "2005",
	howpublished	= "\url{https://web.mit.edu/sahughes/www/8.022/lec11.pdf}",
	note		= "[Online; accessed 24-December-2024]"
}

@misc{wikipedia:time_dilation,
	author		= "{Wikipedia contributors}",
	title		= "Time dilation --- {Wikipedia}{,} The Free Encyclopedia",
	year		= "2024",
	howpublished	= "\url{https://en.wikipedia.org/w/index.php?title=Time_dilation&oldid=1260859390}",
	note		= "[Online; accessed 24-December-2024]"
}
